<record xmlns="http://www.loc.gov/MARC21/slim" xmlns:xsi="http://www.w3.org/2001/XMLSchema-instance" xsi:schemaLocation="http://www.loc.gov/MARC21/slim http://www.loc.gov/standards/marcxml/schema/MARC21slim.xsd"><leader>00591cz   2200145n  4500</leader><controlfield tag="001">oca04560235 </controlfield><controlfield tag="005">19971220053857.9</controlfield><controlfield tag="008">971216n| acannaab|          |a aaa     c</controlfield><datafield ind1=" " ind2=" " tag="010"><subfield code="a">nr 97044688 </subfield></datafield><datafield ind1=" " ind2=" " tag="040"><subfield code="a">UPB</subfield><subfield code="c">UPB</subfield><subfield code="d">UPB</subfield></datafield><datafield ind1="0" ind2=" " tag="100"><subfield code="a">Pomponius Porphyrio,</subfield><subfield code="d">3rd cent.</subfield></datafield><datafield ind1="1" ind2=" " tag="400"><subfield code="a">Porphyrio, Pomponius,</subfield><subfield code="d">3rd cent.</subfield></datafield><datafield ind1=" " ind2=" " tag="670"><subfield code="a">Acronis et Porphyrionis Commentarii in Q. Horatium Flaccum, 1966</subfield></datafield><datafield ind1=" " ind2=" " tag="670"><subfield code="a">LC in RLIN, 12/16/97</subfield><subfield code="b">(hdg.: Porphyrio, Pomponius, 3d cent.)</subfield></datafield><datafield ind1=" " ind2=" " tag="670"><subfield code="a">Oxford classical dict., 1996:</subfield><subfield code="b">p. 1218 (Pomponius Porphyrio; early 3rd c. A.D., wrote commentary on Horace) p. 1226 (Porphyrio)</subfield></datafield></record>